<record><leader>00000cas a22000007a 4500</leader><controlfield tag="001">28286145</controlfield><controlfield tag="008">930617d18361837ncuwr ne      0    0eng d</controlfield><datafield ind1=" " ind2=" " tag="010"><subfield code="a">sn 93065635 </subfield></datafield><datafield ind1=" " ind2=" " tag="040"><subfield code="a">NVJ</subfield><subfield code="b">eng</subfield><subfield code="c">NVJ</subfield><subfield code="d">OCLCQ</subfield></datafield><datafield ind1=" " ind2=" " tag="042"><subfield code="a">msc</subfield></datafield><datafield ind1="0" ind2="4" tag="245"><subfield code="a">The Spirit of the times and Hayneville observer.</subfield></datafield><datafield ind1="1" ind2="3" tag="246"><subfield code="a">Spirit of the times</subfield></datafield><datafield ind1="1" ind2="7" tag="246"><subfield code="a">Hayneville observer</subfield></datafield><datafield ind1=" " ind2=" " tag="260"><subfield code="a">Hayneville, Lowndes County, Ala. :</subfield><subfield code="b">E.W. Thompson</subfield></datafield><datafield ind1=" " ind2=" " tag="300"><subfield code="a">v.</subfield></datafield><datafield ind1=" " ind2=" " tag="310"><subfield code="a">Weekly</subfield></datafield><datafield ind1="1" ind2=" " tag="362"><subfield code="a">Began in 1836; ceased in May 1837.</subfield></datafield><datafield ind1=" " ind2=" " tag="588"><subfield code="a">Description based on: Vol. 2, no. 4 (Nov. 19, 1836).</subfield></datafield><datafield ind1=" " ind2=" " tag="752"><subfield code="a">United States</subfield><subfield code="b">Alabama</subfield><subfield code="c">Lowndes</subfield><subfield code="d">Hayneville.</subfield></datafield><datafield ind1="0" ind2="0" tag="780"><subfield code="t">Spirit of the times (Hayneville, Ala.)</subfield><subfield code="w">(DLC)sn 93065636</subfield></datafield></record>